<record><leader>00000cas a22000007a 4500</leader><controlfield tag="001">22875707</controlfield><controlfield tag="008">901219d197u1976couwr ne      0    0eng d</controlfield><datafield ind1=" " ind2=" " tag="010"><subfield code="a">sn 90099958 </subfield></datafield><datafield ind1=" " ind2=" " tag="040"><subfield code="a">CNQ</subfield><subfield code="b">eng</subfield><subfield code="c">CNQ</subfield><subfield code="d">OCLCQ</subfield></datafield><datafield ind1=" " ind2=" " tag="042"><subfield code="a">msc</subfield></datafield><datafield ind1="0" ind2="0" tag="245"><subfield code="a">Fort Carson mountaineer.</subfield></datafield><datafield ind1=" " ind2=" " tag="260"><subfield code="a">Colorado Springs, Colo. :</subfield><subfield code="b">Gowdy-Printcraft Press</subfield></datafield><datafield ind1=" " ind2=" " tag="300"><subfield code="a">v.</subfield></datafield><datafield ind1=" " ind2=" " tag="310"><subfield code="a">Weekly</subfield></datafield><datafield ind1="0" ind2=" " tag="362"><subfield code="a">-v. 34, no. 23 (Feb. 6, 1976).</subfield></datafield><datafield ind1=" " ind2=" " tag="500"><subfield code="a">"Published in the interest of personnel of Ft. Carson, Colorado."</subfield></datafield><datafield ind1=" " ind2=" " tag="588"><subfield code="a">Description based on: Vol. 31, no. 5 (Oct. 6, 1972).</subfield></datafield><datafield ind1=" " ind2=" " tag="752"><subfield code="a">United States</subfield><subfield code="b">Colorado</subfield><subfield code="c">El Paso</subfield><subfield code="d">Colorado Springs.</subfield></datafield><datafield ind1=" " ind2=" " tag="752"><subfield code="a">United States</subfield><subfield code="b">Colorado</subfield><subfield code="c">El Paso</subfield><subfield code="d">Fort Carson.</subfield></datafield><datafield ind1="0" ind2="0" tag="780"><subfield code="t">Mountaineer (Colorado Springs, Colo. : 1954)</subfield><subfield code="w">(DLC)sn 90099957</subfield></datafield><datafield ind1="0" ind2="0" tag="785"><subfield code="t">Mountaineer (Colorado Springs, Colo. : 1976)</subfield><subfield code="w">(DLC)sn 90099956</subfield></datafield><datafield ind1="1" ind2=" " tag="029"><subfield code="a">AU@</subfield><subfield code="b">000025886147</subfield></datafield></record>